<record><leader>00000cas a2200000L  4500</leader><controlfield tag="001">173761436</controlfield><controlfield tag="007">hd afb---buca</controlfield><controlfield tag="007">hd bfb---baaa</controlfield><controlfield tag="007">hd ufb---bucu</controlfield><controlfield tag="008">921027c19uu9999dcuwx nea    f0   b0dan  </controlfield><datafield ind1=" " ind2=" " tag="010"><subfield code="a">   79640609 </subfield></datafield><datafield ind1=" " ind2=" " tag="040"><subfield code="a">DLC</subfield><subfield code="b">eng</subfield><subfield code="c">NYP</subfield><subfield code="d">OCLCQ</subfield><subfield code="d">OCLCF</subfield><subfield code="d">OCLCO</subfield></datafield><datafield ind1="0" ind2=" " tag="041"><subfield code="a">dankal</subfield></datafield><datafield ind1=" " ind2=" " tag="043"><subfield code="a">n-gl---</subfield></datafield><datafield ind1="0" ind2=" " tag="050"><subfield code="a">Microfilm 03095G</subfield><subfield code="a">G725</subfield></datafield><datafield ind1="0" ind2="0" tag="245"><subfield code="a">Atuagagdliutit</subfield><subfield code="h">[microform].</subfield></datafield><datafield ind1="0" ind2="1" tag="246"><subfield code="a">Gr&#248;nlandsposten.</subfield></datafield><datafield ind1="1" ind2="0" tag="246"><subfield code="a">AG ingimi&#769;kut</subfield></datafield><datafield ind1="1" ind2="0" tag="246"><subfield code="a">AG</subfield></datafield><datafield ind1="1" ind2="1" tag="246"><subfield code="a">Aktuagagdliutit Gr&#248;nlandsposten</subfield></datafield><datafield ind1=" " ind2=" " tag="260"><subfield code="a">[Godha&#778;b,</subfield><subfield code="b">Atuagagdliutit]</subfield></datafield><datafield ind1=" " ind2=" " tag="300"><subfield code="a">v.</subfield><subfield code="b">ill.</subfield><subfield code="c">40 cm.</subfield></datafield><datafield ind1=" " ind2=" " tag="310"><subfield code="a">Weekly (irregular)</subfield></datafield><datafield ind1=" " ind2=" " tag="533"><subfield code="a">Microfilm.</subfield><subfield code="m">1905-1938, 1940-1975.</subfield><subfield code="b">New York :</subfield><subfield code="c">New York Public Library,</subfield><subfield code="d">197-  . microfilm reel ; 35 mm.(MN *ZZAN-2248).</subfield></datafield><datafield ind1=" " ind2=" " tag="533"><subfield code="a">Microfilm.</subfield><subfield code="b">Washington,</subfield><subfield code="c">Library of Congress, Photoduplication Service</subfield><subfield code="d">&lt;1975- &gt;</subfield><subfield code="e">reels.  35 mm.</subfield></datafield><datafield ind1=" " ind2=" " tag="500"><subfield code="a">Full title: Atuagagdliutit Gr&#248;nlandsposten.</subfield></datafield><datafield ind1=" " ind2=" " tag="520"><subfield code="a">Some issues include section:  AG ingimi&#769;kut.</subfield></datafield><datafield ind1=" " ind2=" " tag="546"><subfield code="a">Danish and Eskimo.</subfield></datafield><datafield ind1=" " ind2=" " tag="580"><subfield code="a">Absorbed: Gr&#248;nlandsposten.</subfield></datafield><datafield ind1=" " ind2="0" tag="651"><subfield code="a">Greenland</subfield><subfield code="x">Periodicals.</subfield></datafield><datafield ind1=" " ind2="7" tag="655"><subfield code="a">Periodicals.</subfield><subfield code="2">fast</subfield><subfield code="0">(OCoLC)fst01411641</subfield></datafield><datafield ind1=" " ind2="7" tag="651"><subfield code="a">Greenland.</subfield><subfield code="2">fast</subfield><subfield code="0">(OCoLC)fst01205290</subfield></datafield><datafield ind1="0" ind2="0" tag="780"><subfield code="t">Atuagagdliutit, nalingi&#769;narnik tusarumina&#769;sassunik univka&#770;t</subfield></datafield><datafield ind1="1" ind2="4" tag="780"><subfield code="t">Gronlandsposten</subfield></datafield></record>